@article{ar:peterson_neels_barczi_graham,
  author = {Everett B. Peterson and Kevin Neels and Nathan Barczi and Thea Graham},
  title = {The Economic Cost of Airline Flight Delay},
  journal = {Journal of Transport Economics and Policy},
  volume = {47},
  number = {1},
  pages = {107-121},
  year = {2013},
  month = {January},
  publisher = {London School of Economics, University of Bath}
}

@article{ar:britto_dresner_voltes,
  author = {Rodrigo Britto and Martin Dresner and Augusto Voltes},
  title = {The Impact of Flight Delays on Passenger Demand and Societal Welfare},
  journal = {Transportation Research Part E: Logistics and Transportation Review},
  volume = {48},
  number = {2},
  pages = {460-469},
  year = {2012},
  month = {March}
}

@article{ar:carvalho_et_al,
  author = {Leonardo Carvalho and Alice Sternberg and Leandro Maia Gonçalves and Ana Beatriz Cruz and Jorge A. Soares and Diego Brandão and Diego Carvalho and Eduardo Ogasawara},
  title = {On the relevance of data science for flight delay research: a systematic review},
  journal = {Transport Reviews},
  volume = {41},
  number = {4},
  pages = {499-528},
  year = {2020},
  month = {December},
  publisher = {Routledge},
}

@misc{web:bts,
  author = {{Bureau of Transportation Statitics}},
  title = {On-Time Performance - Reporting Operating Carrier Flight Delays at a Glance},
  howpublished = {\url{https://www.transtats.bts.gov/HomeDrillChart.asp}},
  note = {Accessed: October 15, 2021}
}

@misc{web:faa1,
  author = {{Federal Aviation Adminstration}},
  title = {Air Traffic By The Numbers},
  howpublished = {\url{https://www.faa.gov/air_traffic/by_the_numbers/}},
  note = {Accessed: October 16, 2021}
}

@misc{web:faa2,
  author = {{Federal Aviation Adminstration}},
  title = {Air Traffic by the Numbers 2020},
  howpublished = {\url{https://www.faa.gov/air_traffic/by_the_numbers/media/Air_Traffic_by_the_Numbers_2020.pdf}},
  note = {Accessed: October 16, 2021}
}

@misc{web:faa3,
  author = {{Federal Aviation Adminstration}},
  title = {National Airspace System},
  howpublished = {\url{https://www.faa.gov/air_traffic/nas/}},
  note = {Accessed: October 16, 2021}
}