@misc{web:bts1,
  author = {{Bureau of Transportation Statitics}},
  title = {Airline On-Time Statistics and Delay Causes},
  howpublished = {\url{https://www.transtats.bts.gov/OT_Delay/ot_delaycause1.asp?}},
  note = {Accessed: October 15, 2021}
}

@misc{web:bts2,
  author = {{Bureau of Transportation Statitics}},
  title = {Aviation Support Tables},
  howpublished = {\url{https://www.transtats.bts.gov/Tables.asp?QO_VQ=IMI&QO_anzr=N8vn6v10%FDf722146%FDgnoyr5&QO_fu146_anzr=N8vn6v10%FDf722146%FDgnoyr5}},
  note = {Accessed: October 15, 2021}
}

@misc{web:bts3,
  author = {{Bureau of Transportation Statitics}},
  title = {Air Carrier Statistics (Form 41 Traffic)- U.S. Carriers},
  howpublished = {\url{https://www.transtats.bts.gov/Tables.asp?QO_VQ=EED&QO_anzr=Nv4%FDPn44vr4%FDf6n6v56vp5%FD%FLS14z%FDHE%FDg4nssvp%FM-%FD%FDh.f.%FDPn44vr45&QO_fu146_anzr=Nv4%FDPn44vr455}},
  note = {Accessed: October 15, 2021}
}

@misc{web:gsa,
  author = {{U.S. General Services Adminstration}},
  title = {Codeshare Fact Sheet},
  howpublished = {\url{https://www.gsa.gov/travel/plan-book/transportation-airfare-pov-etc/airfare-rates-city-pairs-programs/resource-library/codeshare-fact-sheet}},
  note = {Accessed: November 6, 2021}
}