@article{ar:peterson_neels_barczi_graham,
  author = {Everett B. Peterson and Kevin Neels and Nathan Barczi and Thea Graham},
  title = {The Economic Cost of Airline Flight Delay},
  journal = {Journal of Transport Economics and Policy},
  volume = {47},
  number = {1},
  pages = {107-121},
  year = {2013},
  month = {January},
  publisher = {London School of Economics, University of Bath}
}

@article{ar:britto_dresner_voltes,
  author = {Rodrigo Britto and Martin Dresner and Augusto Voltes},
  title = {The Impact of Flight Delays on Passenger Demand and Societal Welfare},
  journal = {Transportation Research Part E: Logistics and Transportation Review},
  volume = {48},
  number = {2},
  pages = {460-469},
  year = {2012},
  month = {March}
}

@article{ar:carvalho_et_al,
  author = {Leonardo Carvalho and Alice Sternberg and Leandro Maia Gonçalves and Ana Beatriz Cruz and Jorge A. Soares and Diego Brandão and Diego Carvalho and Eduardo Ogasawara},
  title = {On the relevance of data science for flight delay research: a systematic review},
  journal = {Transport Reviews},
  volume = {41},
  number = {4},
  pages = {499-528},
  year = {2020},
  month = {December},
  publisher = {Routledge},
}

@misc{web:bts1,
  author = {{Bureau of Transportation Statitics}},
  title = {On-Time Performance - Reporting Operating Carrier Flight Delays at a Glance},
  howpublished = {\url{https://www.transtats.bts.gov/HomeDrillChart.asp}},
  note = {Accessed: October 15, 2021}
}

@misc{web:bts2,
  author = {{Bureau of Transportation Statitics}},
  title = {Airline On-Time Statistics and Delay Causes},
  howpublished = {\url{https://www.transtats.bts.gov/OT_Delay/ot_delaycause1.asp?}},
  note = {Accessed: October 15, 2021}
}

@misc{web:bts3,
  author = {{Bureau of Transportation Statitics}},
  title = {Aviation Support Tables},
  howpublished = {\url{https://www.transtats.bts.gov/Tables.asp?QO_VQ=IMI&QO_anzr=N8vn6v10%FDf722146%FDgnoyr5&QO_fu146_anzr=N8vn6v10%FDf722146%FDgnoyr5}},
  note = {Accessed: October 15, 2021}
}

@misc{web:bts4,
  author = {{Bureau of Transportation Statitics}},
  title = {Air Carrier Statistics (Form 41 Traffic)- U.S. Carriers},
  howpublished = {\url{https://www.transtats.bts.gov/Tables.asp?QO_VQ=EED&QO_anzr=Nv4%FDPn44vr4%FDf6n6v56vp5%FD%FLS14z%FDHE%FDg4nssvp%FM-%FD%FDh.f.%FDPn44vr45&QO_fu146_anzr=Nv4%FDPn44vr455}},
  note = {Accessed: October 15, 2021}
}

@misc{web:bts5,
  author = {{Bureau of Transportation Statitics}},
  title = {Seasonally-Adjusted Data: What it Really Means},
  howpublished = {\url{https://www.bts.gov/archive/subject-areas/economics_and_finance/deseasonalized_data_meaning}},
  note = {Accessed: November 30, 2021}
}

@misc{web:faa1,
  author = {{Federal Aviation Adminstration}},
  title = {Air Traffic By The Numbers},
  howpublished = {\url{https://www.faa.gov/air_traffic/by_the_numbers/}},
  note = {Accessed: October 16, 2021}
}

@misc{web:gsa,
  author = {{U.S. General Services Adminstration}},
  title = {Codeshare Fact Sheet},
  howpublished = {\url{https://www.gsa.gov/travel/plan-book/transportation-airfare-pov-etc/airfare-rates-city-pairs-programs/resource-library/codeshare-fact-sheet}},
  note = {Accessed: November 6, 2021}
}

@misc{web:statista,
  author = {{Statista}},
  title = {Number of scheduled passengers boarded by the global airline industry from 2004 to 2022(in millions)},
  howpublished = {\url{https://www.statista.com/statistics/564717/airline-industry-passenger-traffic-globally/}},
  note = {Accessed: November 29, 2021}
}